@Manual{citeR,
    title = {R: A Language and Environment for Statistical Computing},
    author = {{R Core Team}},
    organization = {R Foundation for Statistical Computing},
    address = {Vienna, Austria},
    year = {2020},
    url = {https://www.R-project.org/},
  }
  
@Book{citemarkdown,
    title = {R Markdown Cookbook},
    author = {Yihui Xie and Christophe Dervieux and Emily Riederer},
    publisher = {Chapman and Hall/CRC},
    address = {Boca Raton, Florida},
    year = {2020},
    note = {ISBN 9780367563837},
    url = {https://bookdown.org/yihui/rmarkdown-cookbook},
  }
  
@Article{citeTidyverse,
    title = {Welcome to the {tidyverse}},
    author = {Hadley Wickham and Mara Averick and Jennifer Bryan and Winston Chang and Lucy D'Agostino McGowan and Romain François and Garrett Grolemund and Alex Hayes and Lionel Henry and Jim Hester and Max Kuhn and Thomas Lin Pedersen and Evan Miller and Stephan Milton Bache and Kirill Müller and Jeroen Ooms and David Robinson and Dana Paige Seidel and Vitalie Spinu and Kohske Takahashi and Davis Vaughan and Claus Wilke and Kara Woo and Hiroaki Yutani},
    year = {2019},
    journal = {Journal of Open Source Software},
    volume = {4},
    number = {43},
    pages = {1686},
    doi = {10.21105/joss.01686},
  }  
  
@Manual{citekableExtra,
    title = {kableExtra: Construct Complex Table with 'kable' and Pipe Syntax},
    author = {Hao Zhu},
    year = {2021},
    note = {R package version 1.3.4},
    url = {https://CRAN.R-project.org/package=kableExtra},
  }

@Manual{citepatchwork,
    title = {patchwork: The Composer of Plots},
    author = {Thomas Lin Pedersen},
    year = {2020},
    note = {R package version 1.1.1},
    url = {https://CRAN.R-project.org/package=patchwork},
  }
 
@Manual{citehaven,
    title = {haven: Import and Export 'SPSS', 'Stata' and 'SAS' Files},
    author = {Hadley Wickham and Evan Miller},
    year = {2021},
    note = {R package version 2.4.3},
    url = {https://CRAN.R-project.org/package=haven},
  }

@Manual{citeLahman,
    title = {Lahman: Sean `Lahman' Baseball Database},
    author = {Michael Friendly and Chris Dalzell and Martin Monkman and Dennis Murphy},
    year = {2020},
    note = {R package version 8.0-0},
    url = {https://CRAN.R-project.org/package=Lahman},
  }  

@Manual{citeKnitr,
  title = {knitr: A General-Purpose Package for Dynamic Report Generation in R},
  author = {Yihui Xie},
  year = {2020},
  note = {R package version 1.30},
  url = {https://yihui.org/knitr/},
}

@Book{ggplot2,
    author = {Hadley Wickham},
    title = {ggplot2: Elegant Graphics for Data Analysis},
    publisher = {Springer-Verlag New York},
    year = {2016},
    isbn = {978-3-319-24277-4},
    url = {https://ggplot2.tidyverse.org},
  }

@misc{obesityCAN, 
  title={Obesity in Canada}, 
  url={https://obesitycanada.ca/obesity-in-canada/}, 
  publisher={Obesity Canada}, 
  author={Obesity Canada}, 
}

@misc{StatCan, 
  title={Measured adult body mass index (BMI) (World Health Organization classification), by age group and sex, Canada and provinces, Canadian Community Health Survey - Nutrition}, 
  url={https://www150.statcan.gc.ca/t1/tbl1/en/tv.action?pid=1310079401}, 
  publisher={Statistics Canada}, 
  author={Statistics Canada}, 
  year={2017}, 
  month={8}
}

@misc{NIH,
  title = {Trends and projections of obesity among Canadians},
  author = {C.Bancej, B.Jayabalasingham, R.W.Wall, D.P.Rao, M.T.DO, M.de Groh, G.C.Jayaraman},
  year = {2015},
  url = {ncbi.nlm.nih.gov/pmc/articles/PMC4910458/},
}

